<record><leader>00000cas a2200000 a 4500</leader><controlfield tag="001">14161935</controlfield><controlfield tag="008">860829d18921927kyuwr ne      0    0eng d</controlfield><datafield ind1=" " ind2=" " tag="010"><subfield code="a">sn 86069442 </subfield></datafield><datafield ind1=" " ind2=" " tag="040"><subfield code="a">KNP</subfield><subfield code="b">eng</subfield><subfield code="c">KNP</subfield><subfield code="d">OCL</subfield><subfield code="d">OCLCQ</subfield><subfield code="d">KYUBL</subfield><subfield code="d">OCLCQ</subfield><subfield code="d">OCLCF</subfield><subfield code="d">OCLCO</subfield></datafield><datafield ind1="1" ind2=" " tag="029"><subfield code="a">AU@</subfield><subfield code="b">000025825575</subfield></datafield><datafield ind1=" " ind2=" " tag="042"><subfield code="a">msc</subfield></datafield><datafield ind1=" " ind2=" " tag="043"><subfield code="a">n-us-ky</subfield></datafield><datafield ind1="0" ind2="4" tag="245"><subfield code="a">The Calloway times.</subfield></datafield><datafield ind1=" " ind2=" " tag="260"><subfield code="a">Murray, Ky. :</subfield><subfield code="b">W.O. &amp; Boyd Wear</subfield></datafield><datafield ind1=" " ind2=" " tag="300"><subfield code="a">v. :</subfield><subfield code="b">ill.</subfield></datafield><datafield ind1=" " ind2=" " tag="310"><subfield code="a">Weekly</subfield></datafield><datafield ind1="1" ind2=" " tag="362"><subfield code="a">Began in 1892; ceased in 1927.</subfield></datafield><datafield ind1=" " ind2=" " tag="588"><subfield code="a">Description based on: Vol. 3, no. 79 (Oct. 19, 1897).</subfield></datafield><datafield ind1=" " ind2="0" tag="651"><subfield code="a">Calloway County (Ky.)</subfield><subfield code="v">Newspapers.</subfield></datafield><datafield ind1=" " ind2="0" tag="651"><subfield code="a">Murray (Ky.)</subfield><subfield code="v">Newspapers.</subfield></datafield><datafield ind1=" " ind2="7" tag="655"><subfield code="a">Newspapers.</subfield><subfield code="2">fast</subfield><subfield code="0">(OCoLC)fst01423814</subfield></datafield><datafield ind1=" " ind2="7" tag="651"><subfield code="a">Kentucky</subfield><subfield code="z">Calloway County.</subfield><subfield code="2">fast</subfield><subfield code="0">(OCoLC)fst01237929</subfield></datafield><datafield ind1=" " ind2="7" tag="651"><subfield code="a">Kentucky</subfield><subfield code="z">Murray.</subfield><subfield code="2">fast</subfield><subfield code="0">(OCoLC)fst01202731</subfield></datafield><datafield ind1=" " ind2=" " tag="752"><subfield code="a">United States</subfield><subfield code="b">Kentucky</subfield><subfield code="c">Calloway</subfield><subfield code="d">Murray.</subfield></datafield><datafield ind1="0" ind2="0" tag="780"><subfield code="t">Murray weekly herald</subfield></datafield><datafield ind1="0" ind2="0" tag="785"><subfield code="t">Times-herald (Murray, Ky.)</subfield><subfield code="w">(DLC)sn 86069443</subfield></datafield></record>